<marcxml:record xmlns:marcxml="http://www.loc.gov/MARC21/slim" xmlns:mets="http://www.loc.gov/METS/" xmlns:bf="http://id.loc.gov/ontologies/bibframe/" xmlns:bflc="http://id.loc.gov/ontologies/bflc/" xmlns:madsrdf="http://www.loc.gov/mads/rdf/v1#" xmlns:rdf="http://www.w3.org/1999/02/22-rdf-syntax-ns#" xmlns:ri="http://id.loc.gov/ontologies/RecordInfo#" xmlns:idx="info:lc/xq-modules/lcindex" xmlns:semtriples="http://marklogic.com/semantic" xmlns:xsi="http://www.w3.org/2001/XMLSchema-instance" xmlns:xlink="http://www.w3.org/1999/xlink" xmlns:streams="info:lc/streams#">
  <marcxml:leader>06219cam a2200349 i 4500</marcxml:leader>
  <marcxml:controlfield tag="001">18067105</marcxml:controlfield>
  <marcxml:controlfield tag="005">20170831094420.0</marcxml:controlfield>
  <marcxml:controlfield tag="008">140313s2014    enka     b    001 0 eng  </marcxml:controlfield>
  <marcxml:datafield tag="906" ind1=" " ind2=" ">
    <marcxml:subfield code="a">7</marcxml:subfield>
    <marcxml:subfield code="b">cbc</marcxml:subfield>
    <marcxml:subfield code="c">orignew</marcxml:subfield>
    <marcxml:subfield code="d">1</marcxml:subfield>
    <marcxml:subfield code="e">ecip</marcxml:subfield>
    <marcxml:subfield code="f">20</marcxml:subfield>
    <marcxml:subfield code="g">y-gencatlg</marcxml:subfield>
  </marcxml:datafield>
  <marcxml:datafield tag="925" ind1="0" ind2=" ">
    <marcxml:subfield code="a">acquire</marcxml:subfield>
    <marcxml:subfield code="b">1 shelf copy</marcxml:subfield>
    <marcxml:subfield code="x">Sel/ddw, 2014-07-18</marcxml:subfield>
    <marcxml:subfield code="z">request assign copy to MRR Alc, KC, 2014-07-23</marcxml:subfield>
  </marcxml:datafield>
  <marcxml:datafield tag="955" ind1=" " ind2=" ">
    <marcxml:subfield code="b">rm07 2014-03-13</marcxml:subfield>
    <marcxml:subfield code="i">rm07 2014-03-13 (teleworking) ONIX to Dewey</marcxml:subfield>
    <marcxml:subfield code="w">xl06 2014-03-19</marcxml:subfield>
    <marcxml:subfield code="a">xn10 2014-07-16 1 copy rec'd., to CIP ver.</marcxml:subfield>
    <marcxml:subfield code="f">rm04 2015-02-23 to BCCD</marcxml:subfield>
    <marcxml:subfield code="t">rm16 2017-02-06 to discard.</marcxml:subfield>
  </marcxml:datafield>
  <marcxml:datafield tag="010" ind1=" " ind2=" ">
    <marcxml:subfield code="a">  2014007921</marcxml:subfield>
  </marcxml:datafield>
  <marcxml:datafield tag="020" ind1=" " ind2=" ">
    <marcxml:subfield code="a">9780199325351 (paperback)</marcxml:subfield>
  </marcxml:datafield>
  <marcxml:datafield tag="040" ind1=" " ind2=" ">
    <marcxml:subfield code="a">DLC</marcxml:subfield>
    <marcxml:subfield code="b">eng</marcxml:subfield>
    <marcxml:subfield code="c">DLC</marcxml:subfield>
    <marcxml:subfield code="e">rda</marcxml:subfield>
    <marcxml:subfield code="d">DLC</marcxml:subfield>
  </marcxml:datafield>
  <marcxml:datafield tag="042" ind1=" " ind2=" ">
    <marcxml:subfield code="a">pcc</marcxml:subfield>
  </marcxml:datafield>
  <marcxml:datafield tag="050" ind1="0" ind2="0">
    <marcxml:subfield code="a">HQ77.9</marcxml:subfield>
    <marcxml:subfield code="b">.T714 2014</marcxml:subfield>
  </marcxml:datafield>
  <marcxml:datafield tag="082" ind1="0" ind2="0">
    <marcxml:subfield code="a">306.76/8</marcxml:subfield>
    <marcxml:subfield code="2">23</marcxml:subfield>
  </marcxml:datafield>
  <marcxml:datafield tag="245" ind1="0" ind2="0">
    <marcxml:subfield code="a">Trans bodies, trans selves :</marcxml:subfield>
    <marcxml:subfield code="b">a resource for the transgender community /</marcxml:subfield>
    <marcxml:subfield code="c">edited by Laura Erickson-Schroth.</marcxml:subfield>
  </marcxml:datafield>
  <marcxml:datafield tag="264" ind1=" " ind2="1">
    <marcxml:subfield code="a">Oxford ;</marcxml:subfield>
    <marcxml:subfield code="a">New York :</marcxml:subfield>
    <marcxml:subfield code="b">Oxford University Press, USA,</marcxml:subfield>
    <marcxml:subfield code="c">[2014].</marcxml:subfield>
  </marcxml:datafield>
  <marcxml:datafield tag="300" ind1=" " ind2=" ">
    <marcxml:subfield code="a">xxi, 649 pages :</marcxml:subfield>
    <marcxml:subfield code="b">ill. ;</marcxml:subfield>
    <marcxml:subfield code="c">28 cm</marcxml:subfield>
  </marcxml:datafield>
  <marcxml:datafield tag="336" ind1=" " ind2=" ">
    <marcxml:subfield code="a">text</marcxml:subfield>
    <marcxml:subfield code="2">rdacontent</marcxml:subfield>
  </marcxml:datafield>
  <marcxml:datafield tag="337" ind1=" " ind2=" ">
    <marcxml:subfield code="a">unmediated</marcxml:subfield>
    <marcxml:subfield code="2">rdamedia</marcxml:subfield>
  </marcxml:datafield>
  <marcxml:datafield tag="338" ind1=" " ind2=" ">
    <marcxml:subfield code="a">volume</marcxml:subfield>
    <marcxml:subfield code="2">rdacarrier</marcxml:subfield>
  </marcxml:datafield>
  <marcxml:datafield tag="504" ind1=" " ind2=" ">
    <marcxml:subfield code="a">Includes bibliographical references and index.</marcxml:subfield>
  </marcxml:datafield>
  <marcxml:datafield tag="520" ind1=" " ind2=" ">
    <marcxml:subfield code="a">"There is no one way to be transgender.  Transgender and gender non-conforming people have many different ways of understanding their gender identities. Only recently have sex and gender been thought of as separate concepts, and we have learned that sex (traditionally thought of as physical or biological) is as variable as gender (traditionally thought of as social).  While trans people share many common experiences, there is immense diversity within trans communities. There are an estimated 700,000 transgendered individuals in the US and 15 million worldwide. Even still, there's been a notable lack of organized information for this sizable group.  Trans Bodies, Trans Selves is a revolutionary resource-a comprehensive, reader-friendly guide for transgender people, with each chapter written by transgender or genderqueer authors.  Inspired by Our Bodies, Ourselves, the classic and powerful compendium written for and by women, Trans Bodies, Trans Selves is widely accessible to the transgender population, providing authoritative information in an inclusive and respectful way and representing the collective knowledge base of dozens of influential experts.  Each chapter takes the reader through an important transgender issue, such as race, religion, employment, medical and surgical transition, mental health topics, relationships, sexuality, parenthood, arts and culture, and many more.  Anonymous quotes and testimonials from transgender people who have been surveyed about their experiences are woven throughout, adding compelling, personal voices to every page. In this unique way, hundreds of viewpoints from throughout the community have united to create this strong and pioneering book. It is a welcoming place for transgender and gender-questioning people, their partners and families, students, professors, guidance counselors, and others to look for up-to-date information on transgender life"--</marcxml:subfield>
    <marcxml:subfield code="c">Provided by publisher.</marcxml:subfield>
  </marcxml:datafield>
  <marcxml:datafield tag="520" ind1=" " ind2=" ">
    <marcxml:subfield code="a">"Trans Bodies, Trans Selves (TBTS) will be the go-to resource for transgender populations, covering health, cultural and social questions, history, theory, legal issues, and more. It is a place for transgender and gender-questioning people, their partners and families, students, educators, counselors, and others to look for up-to-date information on transgender life. It is intended to become the ultimate commercial resource (approx 500 pp.) on trans health and development for trans populations, serving much the same role as Our Bodies, Ourselves, which is now published for women worldwide"--</marcxml:subfield>
    <marcxml:subfield code="c">Provided by publisher.</marcxml:subfield>
  </marcxml:datafield>
  <marcxml:datafield tag="505" ind1="8" ind2=" ">
    <marcxml:subfield code="a">Machine generated contents note: -- Acknowledgements -- Preface - Laura Erickson-Schroth -- About This Book -- Introduction - Jennifer Finney Boylan -- Media Spotlights Introduction - Dallas Denny and Jamison Green -- Global Leaders Spotlights Introduction - Jamie Roberts and Anneliese Singh -- Section 1: Who We Are -- Ch. 1 - Our Many Selves - Holiday Simmons and Fresh White -- Ch. 2 - Race, Ethnicity, and Culture -Naim Rasul -- Ch. 3 - Immigration - Kate Kourbatova and Elana Redfield -- Ch. 4 - Dis/Abilities and Deafness - Zack Marshall and Syrus Marcus Ware -- Ch. 5 - Religion and Spirituality - delfin bautista and Quince Mountain with -- Heath Mackenzie Reynolds -- Ch. 6 - Sex and Gender Development - Laura Erickson-Schroth, Miqqi Alicia -- Gilbert, and T. Evan Smith -- Section 2: Living as Ourselves -- Ch. 7 - Coming Out - Reid Vanderburgh -- Ch. 8 - Social Transition - Heath Mackenzie Reynolds and Zil Garner Goldstein -- Ch. 9 - Employment - Zil Garner Goldstein, Jessica Lina Stirba, and Cecilia -- Gentili, with Heath Mackenzie Reynolds, Tobi Hill-Meyer and Dean -- Scarborough -- Ch. 10 - Legal Issues - Kylar W. Broadus and Shannon Price Minter -- Section 3: Health and Wellness -- Ch. 11 - General, Sexual, and Reproductive Health - Nick Gorton and Hilary -- Maia Grubb -- Ch. 12 - Medical Transition - Maddie Deutsch -- Ch. 13 - Surgical Transition - Jules Chyten-Brennan -- Ch. 14 - Mental Health Services - Ruben Hopwood and lore m. dickey -- Ch. 15 - Mental Health Concerns - Tamar Carmel, Ruben Hopwood, and Lore M. Dickey -- Section 4: Our Relationships and Families -- Ch. 16 - Intimate Relationships - Sarah E. Belawski and Carey Jean Sojka -- Ch. 17 - Sexuality - Tobi Hill-Meyer and Dean Scarborough -- Ch. 18 - Parenting - Kel Polly and Ryan G. Polly -- Section 5: Life Stages -- Ch. 19 - Children - Aidan Key -- Ch. 20 - Youth - Colt Keo-Meier, Sassafras Lowrey, and Lance Hicks -- Ch. 21 - Aging - Tarynn M. Witten and Joe Ippolito -- Section 6: Claiming Our Power -- Ch. 22 - United States History - Genny Beemyn -- Ch. 23 - Arts and Culture - Lazlo Ilya Pearlman, Jae DK Szeszycki-Truesdell, -- and Kestryl Cael Lowrey -- Ch. 24 - Activism, Politics, and Organizing - Peter Cava -- Afterword -- Contributor Biographies -- Glossary -- Index -- Suggestions.</marcxml:subfield>
  </marcxml:datafield>
  <marcxml:datafield tag="650" ind1=" " ind2="0">
    <marcxml:subfield code="a">Transgender people.</marcxml:subfield>
  </marcxml:datafield>
  <marcxml:datafield tag="650" ind1=" " ind2="0">
    <marcxml:subfield code="a">Gender nonconformity.</marcxml:subfield>
  </marcxml:datafield>
  <marcxml:datafield tag="650" ind1=" " ind2="0">
    <marcxml:subfield code="a">Gender identity.</marcxml:subfield>
  </marcxml:datafield>
  <marcxml:datafield tag="700" ind1="1" ind2=" ">
    <marcxml:subfield code="a">Erickson-Schroth, Laura.</marcxml:subfield>
  </marcxml:datafield>
  <marcxml:datafield tag="991" ind1=" " ind2=" ">
    <marcxml:subfield code="b">r-MRR</marcxml:subfield>
    <marcxml:subfield code="h">HQ77.9</marcxml:subfield>
    <marcxml:subfield code="i">.T714 2014</marcxml:subfield>
    <marcxml:subfield code="t">Copy 1</marcxml:subfield>
    <marcxml:subfield code="m">Alc</marcxml:subfield>
    <marcxml:subfield code="w">GenBib</marcxml:subfield>
  </marcxml:datafield>
</marcxml:record>
